<?xml version="1.0" encoding="UTF-8"?><collection xmlns="http://www.loc.gov/MARC21/slim"><record><leader>00549nam--2200181-i-4500</leader><controlfield tag="001">000012774</controlfield><controlfield tag="002">20161230</controlfield><controlfield tag="005">20161230201030</controlfield><controlfield tag="008">060222s1000------------r-----000-0-fre-d</controlfield><datafield ind1=" " ind2=" " tag="040"><subfield code="a">IFIN-H</subfield></datafield><datafield ind1=" " ind2=" " tag="041"><subfield code="a">fre</subfield></datafield><datafield ind1=" " ind2=" " tag="080"><subfield code="a">539.144.:543.53:669.018(043)</subfield></datafield><datafield ind1="1" ind2=" " tag="100"><subfield code="a">Breban Philippe</subfield></datafield><datafield ind1="1" ind2="0" tag="245"><subfield code="a">Etudes des possibilites d'utilisation analytique des isomeres nucleaires produits par reactions</subfield><subfield code="b">These</subfield><subfield code="c">Philippe breban</subfield></datafield><datafield ind1=" " ind2=" " tag="260"><subfield code="a">Orleans</subfield><subfield code="b">Universite</subfield><subfield code="c">1977</subfield></datafield><datafield ind1=" " ind2=" " tag="300"><subfield code="a">113 P. + 38 P.FIG</subfield></datafield><datafield ind1=" " ind2=" " tag="852"><subfield code="a">46376</subfield><subfield code="c">539.14</subfield></datafield><datafield ind1=" " ind2=" " tag="CAT"><subfield code="a">Sys</subfield><subfield code="c">20120403</subfield><subfield code="h">152848</subfield></datafield></record></collection>